@article{cadoretuniform-i,
    AUTHOR = {Cadoret, Anna and Tamagawa, Akio},
     TITLE = {A uniform open image theorem for {$\ell$}-adic
              representations, {I}},
   JOURNAL = {Duke Math. J.},
  FJOURNAL = {Duke Mathematical Journal},
    VOLUME = {161},
      YEAR = {2012},
    NUMBER = {13},
     PAGES = {2605--2634},
      ISSN = {0012-7094},
     CODEN = {DUMJAO},
   MRCLASS = {14H30 (14K15 22E50)},
  MRNUMBER = {2988904},
MRREVIEWER = {Lei Fu},
       DOI = {10.1215/00127094-1812954},
       URL = {http://dx.doi.org/10.1215/00127094-1812954},
}
@article{cadoretuniform-ii,
    AUTHOR = {Cadoret, Anna and Tamagawa, Akio},
     TITLE = {A uniform open image theorem for {$\ell$}-adic
              representations, {II}},
   JOURNAL = {Duke Math. J.},
  FJOURNAL = {Duke Mathematical Journal},
    VOLUME = {162},
      YEAR = {2013},
    NUMBER = {12},
     PAGES = {2301--2344},
      ISSN = {0012-7094},
   MRCLASS = {14G25 (14H30 22E20)},
  MRNUMBER = {3102481},
MRREVIEWER = {Min Ho Lee},
       DOI = {10.1215/00127094-2323013},
       URL = {http://dx.doi.org/10.1215/00127094-2323013},
}
@article{cadoret2015open,
    AUTHOR = {Cadoret, Anna},
     TITLE = {An open adelic image theorem for abelian schemes},
   JOURNAL = {Int. Math. Res. Not. IMRN},
  FJOURNAL = {International Mathematics Research Notices. IMRN},
      YEAR = {2015},
    NUMBER = {20},
     PAGES = {10208--10242},
      ISSN = {1073-7928},
   MRCLASS = {14K15 (14G20 14G32 14G40)},
  MRNUMBER = {3455865},
MRREVIEWER = {Arvid Siqveland},
       DOI = {10.1093/imrn/rnu259},
       URL = {http://dx.doi.org/10.1093/imrn/rnu259},
}

@article{cadoret2015integral,
  title={Integral and adelic aspects of the Mumford-Tate conjecture},
  author={Cadoret, Anna and Moonen, Ben},
  journal={arXiv preprint arXiv:1508.06426},
  year={2015}
}

@article{oort:finite-group-schemes-local-moduli-for-abelian-varieties-and-lifting-problems,
    AUTHOR = {Oort, F.},
     TITLE = {Finite group schemes, local moduli for abelian varieties, and
              lifting problems},
   JOURNAL = {Compositio Math.},
  FJOURNAL = {Compositio Mathematica},
    VOLUME = {23},
      YEAR = {1971},
     PAGES = {265--296},
      ISSN = {0010-437X},
   MRCLASS = {14L20 (14K10)},
  MRNUMBER = {0301026},
MRREVIEWER = {M. Miyanishi},
}
@incollection{milne1986abelian,
AUTHOR = {Milne, J. S.},
     TITLE = {Abelian varieties},
 BOOKTITLE = {Arithmetic geometry ({S}torrs, {C}onn., 1984)},
     PAGES = {103--150},
 PUBLISHER = {Springer, New York},
      YEAR = {1986},
   MRCLASS = {14K05 (11G10)},
  MRNUMBER = {861974},
}

@article{grant:a-formula-for-the-number-of-elliptic-curves-with-exceptional-primes,
    AUTHOR = {Grant, D.},
     TITLE = {A formula for the number of elliptic curves with exceptional
              primes},
   JOURNAL = {Compositio Math.},
  FJOURNAL = {Compositio Mathematica},
    VOLUME = {122},
      YEAR = {2000},
    NUMBER = {2},
     PAGES = {151--164},
      ISSN = {0010-437X},
     CODEN = {CMPMAF},
   MRCLASS = {11G05},
  MRNUMBER = {1775416},
MRREVIEWER = {Ravi K. Ramakrishna},
       DOI = {10.1023/A:1001874400583},
       URL = {http://dx.doi.org/10.1023/A:1001874400583},
}
@incollection{weigel:on-the-profinite-completion-of-arithmetic-groups-of-split-type,
    AUTHOR = {Weigel, Thomas},
     TITLE = {On the profinite completion of arithmetic groups of split
              type},
 BOOKTITLE = {Lois d'alg\`ebres et vari\'et\'es alg\'ebriques ({C}olmar,
              1991)},
    SERIES = {Travaux en Cours},
    VOLUME = {50},
     PAGES = {79--101},
 PUBLISHER = {Hermann, Paris},
      YEAR = {1996},
   MRCLASS = {14L15},
  MRNUMBER = {1600994},
MRREVIEWER = {Antoine Chambert-Loir},
}

@article{cojocaruGJ:one-parameter-families-of-elliptic-curves,
    AUTHOR = {Cojocaru, A. C. and Grant, D. and Jones, N.},
     TITLE = {One-parameter families of elliptic curves over {$\Bbb Q$} with
              maximal {G}alois representations},
   JOURNAL = {Proc. Lond. Math. Soc. (3)},
  FJOURNAL = {Proceedings of the London Mathematical Society. Third Series},
    VOLUME = {103},
      YEAR = {2011},
    NUMBER = {4},
     PAGES = {654--675},
      ISSN = {0024-6115},
   MRCLASS = {11G05 (11F80 11G30)},
  MRNUMBER = {2837018},
MRREVIEWER = {Joseph H. Silverman},
       DOI = {10.1112/plms/pdr001},
       URL = {http://dx.doi.org/10.1112/plms/pdr001},
}

@article{cojocaruH:uniform-results-for-serres-theorem-for-elliptic-curves,
    AUTHOR = {Cojocaru, A. C. and Hall, C.},
     TITLE = {Uniform results for {S}erre's theorem for elliptic curves},
   JOURNAL = {Int. Math. Res. Not.},
  FJOURNAL = {International Mathematics Research Notices},
      YEAR = {2005},
    NUMBER = {50},
     PAGES = {3065--3080},
      ISSN = {1073-7928},
   MRCLASS = {11G05},
  MRNUMBER = {2189500},
MRREVIEWER = {Robert Juricevic},
       DOI = {10.1155/IMRN.2005.3065},
       URL = {http://dx.doi.org/10.1155/IMRN.2005.3065},
}


@article{ellenbergEHK:non-simple-abelian-varieties-in-a-family,
  title={Non-simple abelian varieties in a family: geometric and analytic approaches},
  author={Ellenberg, J. S. and Elsholtz, C. and Hall, C. and Kowalski, E.},
  journal={Journal of the London Mathematical Society},
  pages={jdp021},
  year={2009},
  publisher={Oxford University Press}
}

@article{duke:elliptic-curves-with-no-exceptional-primes,
    AUTHOR = {Duke, W.},
     TITLE = {Elliptic curves with no exceptional primes},
   JOURNAL = {C. R. Acad. Sci. Paris S\'er. I Math.},
  FJOURNAL = {Comptes Rendus de l'Acad\'emie des Sciences. S\'erie I.
              Math\'ematique},
    VOLUME = {325},
      YEAR = {1997},
    NUMBER = {8},
     PAGES = {813--818},
      ISSN = {0764-4442},
     CODEN = {CASMEI},
   MRCLASS = {11G05 (11N36)},
  MRNUMBER = {1485897},
MRREVIEWER = {Massimo Bertolini},
       DOI = {10.1016/S0764-4442(97)80118-8},
       URL = {http://dx.doi.org/10.1016/S0764-4442(97)80118-8},
}
@ARTICLE{zurieck-brownZ:abelian-varieties-with-maximal-monodromy,
  author = {David Zureick-Brown, and David Zywina},
  title = {Abelian Varieties with Maximal Monodromy},
  journal = {in preparation},
  year = {2016}
}

@Article{Hui2016,
author="Hui, C. Y.
and Larsen, M.",
title="Type {A} images of {G}alois representations and maximality",
journal="Mathematische Zeitschrift",
year="2016",
pages="1--15",
issn="1432-1823",
doi="10.1007/s00209-016-1683-0",
url="http://dx.doi.org/10.1007/s00209-016-1683-0"
}

@article{achter-pries:monodromy-of-p-rank-strat-of-the-moduli-space-of-curves,
    AUTHOR = {Achter, J. D. and Pries, R.},
     TITLE = {Monodromy of the {$p$}-rank strata of the moduli space of
              curves},
   JOURNAL = {Int. Math. Res. Not. IMRN},
  FJOURNAL = {International Mathematics Research Notices. IMRN},
      YEAR = {2008},
    NUMBER = {15},
     PAGES = {Art. ID rnn053, 25},
      ISSN = {1073-7928},
   MRCLASS = {14H10 (11G20 14D05)},
  MRNUMBER = {2438069},
MRREVIEWER = {Pierre A. Lochak},
       DOI = {10.1093/imrn/rnn053},
       URL = {http://dx.doi.org/10.1093/imrn/rnn053},
}

@article{vasiu:surjectivity-criteria-ii,
    AUTHOR = {Vasiu, A.},
     TITLE = {Surjectivity criteria for {$p$}-adic representations. {II}},
   JOURNAL = {Manuscripta Math.},
  FJOURNAL = {Manuscripta Mathematica},
    VOLUME = {114},
      YEAR = {2004},
    NUMBER = {4},
     PAGES = {399--422},
      ISSN = {0025-2611},
     CODEN = {MSMHB2},
   MRCLASS = {11S23 (11F80 11G10)},
  MRNUMBER = {2081941},
MRREVIEWER = {Philippe Gille},
       DOI = {10.1007/s00229-004-0465-x},
       URL = {http://dx.doi.org/10.1007/s00229-004-0465-x},
}
	
@article{achter-pries:integral-monodromy-of-hyperelliptic-and-trielliptic-curves,
    AUTHOR = {Achter, J. D. and Pries, R.},
     TITLE = {The integral monodromy of hyperelliptic and trielliptic
              curves},
   JOURNAL = {Math. Ann.},
  FJOURNAL = {Mathematische Annalen},
    VOLUME = {338},
      YEAR = {2007},
    NUMBER = {1},
     PAGES = {187--206},
      ISSN = {0025-5831},
     CODEN = {MAANA},
   MRCLASS = {11G18 (14D05)},
  MRNUMBER = {2295509},
MRREVIEWER = {Gerhard Pfister},
       DOI = {10.1007/s00208-006-0072-0},
       URL = {http://dx.doi.org/10.1007/s00208-006-0072-0},
}
		

@ARTICLE{onething,
   author = {{Elkies}, N. D.},
    title = "{Elliptic curves with 3-adic Galois representation surjective mod 3 but not mod 9}",
  journal={ arXiv:1508.07655v1},
   eprint = {math/0612734},
 keywords = {Mathematics - Number Theory, Mathematics - Algebraic Geometry, 11G05, 11G18},
     year = 2006,
    month = dec
}

@article {dontyouknowit,
    AUTHOR = {Dokchitser, T. and Dokchitser, V.},
     TITLE = {Surjectivity of mod {$2^n$} representations of elliptic
              curves},
   JOURNAL = {Math. Z.},
  FJOURNAL = {Mathematische Zeitschrift},
    VOLUME = {272},
      YEAR = {2012},
    NUMBER = {3-4},
     PAGES = {961--964},
      ISSN = {0025-5874},
     CODEN = {MAZEAX},
   MRCLASS = {11G05 (11F80 14G25)},
  MRNUMBER = {2995149},
MRREVIEWER = {N{\'u}ria Vila},
       DOI = {10.1007/s00209-011-0967-7},
       URL = {http://dx.doi.org/10.1007/s00209-011-0967-7},
}

@MISC{mathoverflow:etale-fundamental-groups-surjective,
    TITLE = {Under what conditions is the induced map of etale fundamental groups surjective?},
    AUTHOR = {R. van Dobben de Bruyn},
    HOWPUBLISHED = {MathOverflow},
    NOTE = {URL:http://mathoverflow.net/q/223892 (version: 2016-06-27)},
    EPRINT = {http://mathoverflow.net/q/223892},
    URL = {http://mathoverflow.net/q/223892},
}
@article{acampo:tresses-monodromie-et-le-groupe-symplectique,
    AUTHOR = {A'Campo, N.},
     TITLE = {Tresses, monodromie et le groupe symplectique},
   JOURNAL = {Comment. Math. Helv.},
  FJOURNAL = {Commentarii Mathematici Helvetici},
    VOLUME = {54},
      YEAR = {1979},
    NUMBER = {2},
     PAGES = {318--327},
      ISSN = {0010-2571},
     CODEN = {COMHAX},
   MRCLASS = {14D05 (32B30)},
  MRNUMBER = {535062},
MRREVIEWER = {J. A. Morrow},
       DOI = {10.1007/BF02566275},
       URL = {http://dx.doi.org/10.1007/BF02566275},
}

@book{mumford:tata-lectures-on-theta-ii,
    AUTHOR = {Mumford, D.},
     TITLE = {Tata lectures on theta. {II}},
    SERIES = {Modern Birkh\"auser Classics},
      NOTE = {Jacobian theta functions and differential equations,
              With the collaboration of C. Musili, M. Nori, E. Previato, M.
              Stillman and H. Umemura,
              Reprint of the 1984 original},
 PUBLISHER = {Birkh\"auser Boston, Inc., Boston, MA},
      YEAR = {2007},
     PAGES = {xiv+272},
      ISBN = {978-0-8176-4569-4; 0-8176-4569-1},
   MRCLASS = {14K25 (14H40 32G20)},
  MRNUMBER = {2307768},
       DOI = {10.1007/978-0-8176-4578-6},
       URL = {http://dx.doi.org/10.1007/978-0-8176-4578-6},
}

@book {itsinthepalmofyourhandnowbaby,
    AUTHOR = {Grove, L. C.},
     TITLE = {Classical groups and geometric algebra},
    SERIES = {Graduate Studies in Mathematics},
    VOLUME = {39},
 PUBLISHER = {American Mathematical Society, Providence, RI},
      YEAR = {2002},
     PAGES = {x+169},
      ISBN = {0-8218-2019-2},
   MRCLASS = {20G15 (11E57)},
  MRNUMBER = {1859189},
MRREVIEWER = {Curtis D. Bennett},
}

@article{anni2016residual,
    AUTHOR = {Anni, S. and Lemos, P. and Siksek, S.},
     TITLE = {Residual representations of semistable principally polarized
              abelian varieties},
   JOURNAL = {Res. Number Theory},
  FJOURNAL = {Research in Number Theory},
    VOLUME = {2},
      YEAR = {2016},
     PAGES = {2:1},
      ISSN = {2363-9555},
   MRCLASS = {11F80 (11G10 11G30)},
  MRNUMBER = {3501014},
       DOI = {10.1007/s40993-015-0032-4},
       URL = {http://dx.doi.org/10.1007/s40993-015-0032-4},
}


@ARTICLE{arias2015large,
   author = {{Arias-de-Reyna}, S. and {Armana}, C. and {Karemaker}, V. and
	{Rebolledo}, M. and {Thomas}, L. and {Vila}, N.},
    title = "{Large Galois images for Jacobian varieties of genus 3 curves}",
  journal={ arXiv:1507.05913v3},
archivePrefix = "arXiv",
   eprint = {1507.05913},
 primaryClass = "math.NT",
 keywords = {Mathematics - Number Theory, 11G30, 11F80, 12F12, 11R32},
     year = 2015,
    month = jul,
   adsurl = {http://adsabs.harvard.edu/abs/2015arXiv150705913A},
  adsnote = {Provided by the SAO/NASA Astrophysics Data System}
}


@book{laumon-bailly:champs-algebriques,
    AUTHOR = {Laumon, G. and Moret-Bailly, L.},
     TITLE = {Champs alg\'ebriques},
    SERIES = {Ergebnisse der Mathematik und ihrer Grenzgebiete. 3. Folge. A
              Series of Modern Surveys in Mathematics [Results in
              Mathematics and Related Areas. 3rd Series. A Series of Modern
              Surveys in Mathematics]},
    VOLUME = {39},
 PUBLISHER = {Springer-Verlag, Berlin},
      YEAR = {2000},
     PAGES = {xii+208},
      ISBN = {3-540-65761-4},
   MRCLASS = {14A20 (14D20)},
  MRNUMBER = {1771927},
MRREVIEWER = {Dan Edidin},
}
@ARTICLE{noohi2004fundamental,
   author = {{Noohi}, B.},
    title = "{Fundamental Groups of Algebraic Stacks}",
	 	  journal={ arXiv:0710.2615v1},
 keywords = {Algebraic Geometry, Algebraic Topology},
     year = 2002,
    month = jan,
   adsurl = {http://adsabs.harvard.edu/abs/2002math......1021N},
  adsnote = {Provided by the SAO/NASA Astrophysics Data System}
}



@article{landesman:undergraduate-thesis,
  title={Interpolation in Algebraic Geometry},
  Author = {Aaron Landesman and Anand Patel},
  journal={ arXiv:1605.01117v1},
  year={2016}
}


@incollection {ekedahl1988effective,
    AUTHOR = {Ekedahl, T.},
     TITLE = {An effective version of {H}ilbert's irreducibility theorem},
 BOOKTITLE = {S\'eminaire de {T}h\'eorie des {N}ombres, {P}aris 1988--1989},
    SERIES = {Progr. Math.},
    VOLUME = {91},
     PAGES = {241--249},
 PUBLISHER = {Birkh\"auser Boston, Boston, MA},
      YEAR = {1990},
   MRCLASS = {14G25 (11G25 14E20 14F20)},
  MRNUMBER = {1104709},
MRREVIEWER = {David Cox},
}

@article {vasiu2003surjectivity,
    AUTHOR = {Vasiu, A.},
     TITLE = {Surjectivity criteria for {$p$}-adic representations. {I}},
   JOURNAL = {Manuscripta Math.},
  FJOURNAL = {Manuscripta Mathematica},
    VOLUME = {112},
      YEAR = {2003},
    NUMBER = {3},
     PAGES = {325--355},
      ISSN = {0025-2611},
     CODEN = {MSMHB2},
   MRCLASS = {11S23 (14L17)},
  MRNUMBER = {2067042},
MRREVIEWER = {Philippe Gille},
       DOI = {10.1007/s00229-003-0402-4},
       URL = {http://dx.doi.org/10.1007/s00229-003-0402-4},
}

@BOOK{EGA,
  title = {\'{E}l\'ements de g\'eom\'etrie alg\'ebrique.},
  year = {1960-71},
  author = {Grothendieck, A.},
  fjournal = {Institut des Hautes \'Etudes Scientifiques. Publications Math\'ematiques},
  journal = {Inst. Hautes \'Etudes Sci. Publ. Math.},
  owner = {davidzureick-brown},
  timestamp = {2012.04.23}
}

@misc{stacks-project,
  shorthand    = {Stacks},
  author       = {The {Stacks Project Authors}},
  title        = {{\it Stacks Project}},
  howpublished = {\url{http://stacks.math.columbia.edu}},
  year         = {2016},
}

@article {ma2014rationality,
    AUTHOR = {Ma, S.},
     TITLE = {The rationality of the moduli spaces of trigonal curves},
   JOURNAL = {Int. Math. Res. Not. IMRN},
  FJOURNAL = {International Mathematics Research Notices. IMRN},
      YEAR = {2015},
    NUMBER = {14},
     PAGES = {5456--5472},
      ISSN = {1073-7928},
   MRCLASS = {14H10 (14E08)},
  MRNUMBER = {3384446},
MRREVIEWER = {Alex Massarenti},
       DOI = {10.1093/imrn/rnu097},
       URL = {http://dx.doi.org/10.1093/imrn/rnu097},
}

@article {bolognesi2016mapping,
    AUTHOR = {Bolognesi, M. and L{\"o}nne, M.},
     TITLE = {Mapping class groups of trigonal loci},
   JOURNAL = {Selecta Math. (N.S.)},
  FJOURNAL = {Selecta Mathematica. New Series},
    VOLUME = {22},
      YEAR = {2016},
    NUMBER = {1},
     PAGES = {417--445},
      ISSN = {1022-1824},
   MRCLASS = {14H10 (14D23 14H30 32G15)},
  MRNUMBER = {3437842},
       DOI = {10.1007/s00029-015-0187-9},
       URL = {http://dx.doi.org/10.1007/s00029-015-0187-9},
}

@article {casnati2007rationality,
    AUTHOR = {Casnati, G. and Fontanari, C.},
     TITLE = {On the rationality of moduli spaces of pointed curves},
   JOURNAL = {J. Lond. Math. Soc. (2)},
  FJOURNAL = {Journal of the London Mathematical Society. Second Series},
    VOLUME = {75},
      YEAR = {2007},
    NUMBER = {3},
     PAGES = {582--596},
      ISSN = {0024-6107},
   MRCLASS = {14H10 (14E08)},
  MRNUMBER = {2352722},
       DOI = {10.1112/jlms/jdm011},
       URL = {http://dx.doi.org/10.1112/jlms/jdm011},
}

@article {kowalski2006large,
    AUTHOR = {Kowalski, E.},
     TITLE = {The large sieve, monodromy and zeta functions of curves},
   JOURNAL = {J. Reine Angew. Math.},
  FJOURNAL = {Journal f\"ur die Reine und Angewandte Mathematik. [Crelle's
              Journal]},
    VOLUME = {601},
      YEAR = {2006},
     PAGES = {29--69},
      ISSN = {0075-4102},
     CODEN = {JRMAA8},
   MRCLASS = {14G10 (11M41 14G15 14K15)},
  MRNUMBER = {2289204},
MRREVIEWER = {Am{\'{\i}}lcar Pacheco},
       DOI = {10.1515/CRELLE.2006.094},
       URL = {http://dx.doi.org/10.1515/CRELLE.2006.094},
}

@article {rivin2008walks,
    AUTHOR = {Rivin, I.},
     TITLE = {Walks on groups, counting reducible matrices, polynomials, and
              surface and free group automorphisms},
   JOURNAL = {Duke Math. J.},
  FJOURNAL = {Duke Mathematical Journal},
    VOLUME = {142},
      YEAR = {2008},
    NUMBER = {2},
     PAGES = {353--379},
      ISSN = {0012-7094},
     CODEN = {DUMJAO},
   MRCLASS = {20G30 (11G99 20E05 20F28 20P05 57M50)},
  MRNUMBER = {2401624},
MRREVIEWER = {Mihalis A. Sykiotis},
       DOI = {10.1215/00127094-2008-009},
       URL = {http://dx.doi.org/10.1215/00127094-2008-009},
}

@article {viana2002galois,
    AUTHOR = {Viana, P. and Veloso, P. M.},
     TITLE = {Galois theory of reciprocal polynomials},
   JOURNAL = {Amer. Math. Monthly},
  FJOURNAL = {The American Mathematical Monthly},
    VOLUME = {109},
      YEAR = {2002},
    NUMBER = {5},
     PAGES = {466--471},
      ISSN = {0002-9890},
     CODEN = {AMMYAE},
   MRCLASS = {12F10},
  MRNUMBER = {1901500},
       DOI = {10.2307/2695648},
       URL = {http://dx.doi.org/10.2307/2695648},
}

@ARTICLE{rivin2013large,
   author = {{Rivin}, I.},
    title = "{Large Galois groups with applications to Zariski density}",
  journal={ arXiv:1312.3009v4},
archivePrefix = "arXiv",
   eprint = {1312.3009},
 primaryClass = "math.NT",
 keywords = {Mathematics - Number Theory, Computer Science - Symbolic Computation, 14L35, 15B36, 14Q99, 12F10, 11Y40},
     year = 2013,
    month = dec
}

@article {saltman1982generic,
    AUTHOR = {Saltman, D. J.},
     TITLE = {Generic {G}alois extensions and problems in field theory},
   JOURNAL = {Adv. in Math.},
  FJOURNAL = {Advances in Mathematics},
    VOLUME = {43},
      YEAR = {1982},
    NUMBER = {3},
     PAGES = {250--283},
      ISSN = {0001-8708},
     CODEN = {ADMTA4},
   MRCLASS = {13B05 (12A55 12A90 14H05)},
  MRNUMBER = {648801},
MRREVIEWER = {Jack Sonn},
       DOI = {10.1016/0001-8708(82)90036-6},
       URL = {http://dx.doi.org/10.1016/0001-8708(82)90036-6},
}

@misc{vakil:foundations-of-algebraic-geometry,
  author = {Vakil, R.},
  title = {{\itshape MATH 216: Foundations of Algebraic Geometry}},
  url = {http://math.stanford.edu/~vakil/216blog/},
  note = {September 18, 2015 version},
}

@incollection {orgogozo2000theoreme,
    AUTHOR = {Orgogozo, F. and Vidal, I.},
     TITLE = {Le th\'eor\`eme de sp\'ecialisation du groupe fondamental},
 BOOKTITLE = {Courbes semi-stables et groupe fondamental en g\'eom\'etrie
              alg\'ebrique ({L}uminy, 1998)},
    SERIES = {Progr. Math.},
    VOLUME = {187},
     PAGES = {169--184},
 PUBLISHER = {Birkh\"auser, Basel},
      YEAR = {2000},
   MRCLASS = {14G32 (14H30)},
  MRNUMBER = {1768100},
MRREVIEWER = {Tam{\'a}s Szamuely},
}

@article {bender1980presentation,
    AUTHOR = {Bender, P.},
     TITLE = {Eine {P}r\"asentation der symplektischen {G}ruppe {${\rm
              Sp}(4,\,{\bf Z})$}\ mit {$2$} {E}rzeugenden und {$8$}
              definierenden {R}elationen},
   JOURNAL = {J. Algebra},
  FJOURNAL = {Journal of Algebra},
    VOLUME = {65},
      YEAR = {1980},
    NUMBER = {2},
     PAGES = {328--331},
      ISSN = {0021-8693},
     CODEN = {JALGA4},
   MRCLASS = {20G20 (20F05)},
  MRNUMBER = {585724},
MRREVIEWER = {Joseph B. Dennin, Jr.},
       DOI = {10.1016/0021-8693(80)90221-5},
       URL = {http://dx.doi.org/10.1016/0021-8693(80)90221-5},
}

@ARTICLE{patel2015chow,
   author = {{Patel}, A. and {Vakil}, R.},
    title = "{On the Chow ring of the Hurwitz space of degree three covers of ${\bf P}^{1}$}",
  journal={ arXiv:1505.04323v1},
archivePrefix = "arXiv",
   eprint = {1505.04323},
 primaryClass = "math.AG",
 keywords = {Mathematics - Algebraic Geometry, 14C15, 14C22},
     year = 2015,
    month = may
}

@article {yelton2015images,
    AUTHOR = {Yelton, J.},
     TITLE = {Images of 2-adic representations associated to hyperelliptic
              {J}acobians},
   JOURNAL = {J. Number Theory},
  FJOURNAL = {Journal of Number Theory},
    VOLUME = {151},
      YEAR = {2015},
     PAGES = {7--17},
      ISSN = {0022-314X},
   MRCLASS = {14H40 (11F50 11G05 11G30 12F10)},
  MRNUMBER = {3314198},
MRREVIEWER = {Rolf Berndt},
       DOI = {10.1016/j.jnt.2014.10.020},
       URL = {http://dx.doi.org/10.1016/j.jnt.2014.10.020},
}

@article {deligne1969irreducibility,
    AUTHOR = {Deligne, P. and Mumford, D.},
     TITLE = {The irreducibility of the space of curves of given genus},
   JOURNAL = {Inst. Hautes \'Etudes Sci. Publ. Math.},
  FJOURNAL = {Institut des Hautes \'Etudes Scientifiques. Publications
              Math\'ematiques},
    NUMBER = {36},
      YEAR = {1969},
     PAGES = {75--109},
      ISSN = {0073-8301},
   MRCLASS = {14.20},
  MRNUMBER = {0262240},
MRREVIEWER = {Manfred Herrmann},
}

@BOOK{Hartshorne:deformation,
  title = {Deformation theory},
  publisher = {Springer},
  year = {2010},
  author = {Hartshorne, R.},
  volume = {257},
  pages = {viii+234},
  series = {Graduate Texts in Mathematics},
  address = {New York},
  doi = {10.1007/978-1-4419-1596-2},
  isbn = {978-1-4419-1595-5},
  mrclass = {14D15 (13D10 14B07 14B12)},
  mrnumber = {2583634 (2011c:14023)},
  mrreviewer = {Arvid Siqveland},
  owner = {davidzureick-brown},
}

@ARTICLE{ma2013rationality,
   author = {{Ma}, S.},
    title = "{Rationality of some tetragonal loci}",
  journal={ arXiv:1302.3367v2},
archivePrefix = "arXiv",
   eprint = {1302.3367},
 primaryClass = "math.AG",
 keywords = {Mathematics - Algebraic Geometry, 14H45, 14H10, 14E08, 14L30},
     year = 2013,
    month = feb,
   adsurl = {http://adsabs.harvard.edu/abs/2013arXiv1302.3367M},
  adsnote = {Provided by the SAO/NASA Astrophysics Data System}
}

@article {arbarello1981footnotes,
    AUTHOR = {Arbarello, E. and Cornalba, M.},
     TITLE = {Footnotes to a paper of {B}eniamino {S}egre: ``{O}n the
              modules of polygonal curves and on a complement to the
              {R}iemann existence theorem'' ({I}talian) [{M}ath. {A}nn. {\bf
              100} (1928), 537--551;\ {J}buch {\bf 54}, 685]},
      NOTE = {The number of $g^{1}_{d}$'s on a general $d$-gonal curve,
              and the unirationality of the Hurwitz spaces of $4$-gonal and
              $5$-gonal curves},
   JOURNAL = {Math. Ann.},
  FJOURNAL = {Mathematische Annalen},
    VOLUME = {256},
      YEAR = {1981},
    NUMBER = {3},
     PAGES = {341--362},
      ISSN = {0025-5831},
     CODEN = {MAANA3},
   MRCLASS = {14H10 (14H20)},
  MRNUMBER = {626954},
MRREVIEWER = {Joseph Harris},
       DOI = {10.1007/BF01679702},
       URL = {http://dx.doi.org/10.1007/BF01679702},
}

@article {schreyer1986syzygies,
    AUTHOR = {Schreyer, F.-O.},
     TITLE = {Syzygies of canonical curves and special linear series},
   JOURNAL = {Math. Ann.},
  FJOURNAL = {Mathematische Annalen},
    VOLUME = {275},
      YEAR = {1986},
    NUMBER = {1},
     PAGES = {105--137},
      ISSN = {0025-5831},
     CODEN = {MAANA},
   MRCLASS = {14H45},
  MRNUMBER = {849058},
MRREVIEWER = {Joseph Harris},
       DOI = {10.1007/BF01458587},
       URL = {http://dx.doi.org/10.1007/BF01458587},
}

@incollection {beauville1986groupe,
    AUTHOR = {Beauville, A.},
     TITLE = {Le groupe de monodromie des familles universelles
              d'hypersurfaces et d'intersections compl\`etes},
 BOOKTITLE = {Complex analysis and algebraic geometry ({G}\"ottingen, 1985)},
    SERIES = {Lecture Notes in Math.},
    VOLUME = {1194},
     PAGES = {8--18},
 PUBLISHER = {Springer, Berlin},
      YEAR = {1986},
   MRCLASS = {14J10 (14D05 14H10 14M10)},
  MRNUMBER = {855873},
MRREVIEWER = {I. Dolgachev},
       DOI = {10.1007/BFb0076991},
       URL = {http://dx.doi.org/10.1007/BFb0076991},
}

@BOOK {serre1989lectures,
    AUTHOR = {Serre, J.-P.},
     TITLE = {Lectures on the {M}ordell-{W}eil theorem},
    SERIES = {Aspects of Mathematics},
   EDITION = {Third},
      NOTE = {Translated from the French and edited by Martin Brown from
              notes by Michel Waldschmidt,
              With a foreword by Brown and Serre},
 PUBLISHER = {Friedr. Vieweg \& Sohn, Braunschweig},
      YEAR = {1997},
     PAGES = {x+218},
      ISBN = {3-528-28968-6},
   MRCLASS = {11G10 (11D41 11G30 14G25)},
  MRNUMBER = {1757192},
       DOI = {10.1007/978-3-663-10632-6},
       URL = {http://dx.doi.org/10.1007/978-3-663-10632-6},
}

@ARTICLE{lombardo2015explicit,
   author = {{L}ombardo, {D}.},
    title = "{Explicit open image theorems for abelian varieties with trivial endomorphism ring}",
  journal={ arXiv:1508.01293v2},
archivePrefix = "arXiv",
   eprint = {1508.01293},
 primaryClass = "math.NT",
 keywords = {Mathematics - Number Theory, Mathematics - Algebraic Geometry, 11G10, 14K15, 11F80},
     year = 2015,
    month = aug,
}

@ARTICLE{lombardoGL2type,
    AUTHOR = {Lombardo, D.},
     TITLE = {Explicit surjectivity of {G}alois representations for abelian
              surfaces and {GL{$_2$}}-varieties},
   JOURNAL = {J. Algebra},
  FJOURNAL = {Journal of Algebra},
    VOLUME = {460},
      YEAR = {2016},
     PAGES = {26--59},
      ISSN = {0021-8693},
   MRCLASS = {Preliminary Data},
  MRNUMBER = {3510393},
       DOI = {10.1016/j.jalgebra.2016.04.011},
       URL = {http://dx.doi.org/10.1016/j.jalgebra.2016.04.011},
}

@article{lombardo2015bounds,
    AUTHOR = {Lombardo, D.},
     TITLE = {Bounds for {S}erre's open image theorem for elliptic curves
              over number fields},
   JOURNAL = {Algebra Number Theory},
  FJOURNAL = {Algebra \& Number Theory},
    VOLUME = {9},
      YEAR = {2015},
    NUMBER = {10},
     PAGES = {2347--2395},
      ISSN = {1937-0652},
   MRCLASS = {11G05 (11F80 14G25)},
  MRNUMBER = {3437765},
       DOI = {10.2140/ant.2015.9.2347},
       URL = {http://dx.doi.org/10.2140/ant.2015.9.2347},
}

@ARTICLE{zywina2010hilbert,
   author = {{Zywina}, D.},
    title = "{Hilbert's irreducibility theorem and the larger sieve}",
  journal={ arXiv:1011.6465v1},
archivePrefix = "arXiv",
   eprint = {1011.6465},
 primaryClass = "math.NT",
 keywords = {Mathematics - Number Theory, 12E25 (Primary) 11G05, 11F80, 11N36 (Secondary)},
     year = 2010,
    month = nov
}

@article {zywina2010elliptic,
    AUTHOR = {Zywina, D.},
     TITLE = {Elliptic curves with maximal {G}alois action on their torsion
              points},
   JOURNAL = {Bull. Lond. Math. Soc.},
  FJOURNAL = {Bulletin of the London Mathematical Society},
    VOLUME = {42},
      YEAR = {2010},
    NUMBER = {5},
     PAGES = {811--826},
      ISSN = {0024-6093},
   MRCLASS = {11G05 (11F80 11N36)},
  MRNUMBER = {2721742},
MRREVIEWER = {{\'A}lvaro Lozano-Robledo},
       DOI = {10.1112/blms/bdq039},
       URL = {http://dx.doi.org/10.1112/blms/bdq039},
}

@ARTICLE{zywina2015example,
   author = {{Zywina}, D.},
    title = "{An explicit Jacobian of dimension 3 with maximal Galois action}",
  journal={ arXiv:1508.07655v1},
archivePrefix = "arXiv",
   eprint = {1508.07655},
 primaryClass = "math.NT",
 keywords = {Mathematics - Number Theory},
     year = 2015,
    month = aug,
}


@ARTICLE{verra2007universal,
   author = {{Verra}, A.},
    title = "{On the universal abelian variety of dimension 4}",
  journal={ arXiv:0711.3890v2},
archivePrefix = "arXiv",
   eprint = {0711.3890},
 primaryClass = "math.AG",
 keywords = {Mathematics - Algebraic Geometry, 14H40},
     year = 2007,
    month = nov
}

@article{landesman-swaminathan-tao-xu:hyperelliptic-curves,
  title={Hyperelliptic Curves with Maximal {G}alois Action on the Torsion Points of their {J}acobians},
  author={Landesman, A. and Swaminathan, A. A. and Tao, J. and Xu, Y.},
 year={2016},
 note = {In Preparation}
}

@ARTICLE{landesman-swaminathan-tao-xu:rational-families,
   author = {{Landesman}, A. and {Swaminathan}, A. A. and {Tao}, J. and {Xu}, Y.
	},
    title = "{Surjectivity of Galois Representations in Rational Families of Abelian Varieties}",
  journal = {arXiv:1608.05371v1},
archivePrefix = "arXiv",
   eprint = {1608.05371},
 primaryClass = "math.NT",
 keywords = {Mathematics - Number Theory, Mathematics - Algebraic Geometry, Mathematics - Group Theory, Mathematics - Representation Theory, 11F80, 11G10, 11R32, 11G30, 12E25, 11N36},
     year = 2016,
    month = aug,
}

@ARTICLE{landesman-swaminathan-tao-xu:lifting-symplectic-group,
   author = {{Landesman}, A. and {Swaminathan}, A. A. and {Tao}, J. and {Xu}, Y.
	},
    title = "{Lifting Subgroups of Symplectic Groups over $\mathbb{Z} / \ell \mathbb{Z}$}",
  journal = { arXiv:1607.04698v1},
archivePrefix = "arXiv",
   eprint = {1607.04698},
 primaryClass = "math.GR",
 keywords = {Mathematics - Group Theory, Mathematics - Number Theory, Mathematics - Representation Theory, 20G25, 11G10},
     year = 2016,
    month = jul
}

@incollection{mukai:curves-K3-surfaces-and-fano-3-folds-of-genus-leq-10,
    AUTHOR = {Mukai, S.},
     TITLE = {Curves, {$K3$} surfaces and {F}ano {$3$}-folds of genus {$\leq
              10$}},
 BOOKTITLE = {Algebraic geometry and commutative algebra, {V}ol.\ {I}},
     PAGES = {357--377},
 PUBLISHER = {Kinokuniya, Tokyo},
      YEAR = {1988},
   MRCLASS = {14J10 (14J28 14J30 32G13 32J15 32M10)},
  MRNUMBER = {977768 (90b:14039)},
MRREVIEWER = {Peter Nielsen},
}

@ARTICLE{verra2005unirationality,
    AUTHOR = {Verra, A.},
     TITLE = {The unirationality of the moduli spaces of curves of genus 14
              or lower},
   JOURNAL = {Compos. Math.},
  FJOURNAL = {Compositio Mathematica},
    VOLUME = {141},
      YEAR = {2005},
    NUMBER = {6},
     PAGES = {1425--1444},
      ISSN = {0010-437X},
   MRCLASS = {14H10 (14M06 14M20)},
  MRNUMBER = {2188443},
MRREVIEWER = {Tihomir A. Petrov},
       DOI = {10.1112/S0010437X05001685},
       URL = {http://dx.doi.org/10.1112/S0010437X05001685},
}

@MISC{mathoverflow:generating-the-symplectic-group,
    TITLE = {Generating the symplectic group},
    AUTHOR = {Holt, D. (http://mathoverflow.net/users/35840/derek-holt)},
    HOWPUBLISHED = {MathOverflow},
    NOTE = {URL:http://mathoverflow.net/q/66049 (version: 2011-05-26)},
    EPRINT = {http://mathoverflow.net/q/66049},
    URL = {http://mathoverflow.net/q/66049}
}

@BOOK{serre1989abelian,
    AUTHOR = {Serre, J.-P.},
     TITLE = {Abelian {$l$}-adic representations and elliptic curves},
    SERIES = {Research Notes in Mathematics},
    VOLUME = {7},
      NOTE = {With the collaboration of Willem Kuyk and John Labute,
              Revised reprint of the 1968 original},
 PUBLISHER = {A K Peters, Ltd., Wellesley, MA},
      YEAR = {1998},
     PAGES = {199},
      ISBN = {1-56881-077-6},
   MRCLASS = {11G05 (11F33 11F80)},
  MRNUMBER = {1484415},
}

@BOOK{omeara1978symplectic,
    AUTHOR = {O'Meara, O. T.},
     TITLE = {Symplectic groups},
    SERIES = {Mathematical Surveys},
    VOLUME = {16},
 PUBLISHER = {American Mathematical Society, Providence, R.I.},
      YEAR = {1978},
     PAGES = {xi+122},
      ISBN = {0-8218-1516-4},
   MRCLASS = {20G05 (10C30 20E36 20F28)},
  MRNUMBER = {502254},
MRREVIEWER = {E. A. Connors},
}

@BOOK{foxtrot,
    AUTHOR = {Lang, S. and Trotter, H.},
     TITLE = {Frobenius distributions in {${\rm GL}_{2}$}-extensions},
    SERIES = {Lecture Notes in Mathematics, Vol. 504},
      NOTE = {Distribution of Frobenius automorphisms in
              ${{\rm{G}}L}_{2}$-extensions of the rational numbers},
 PUBLISHER = {Springer-Verlag, Berlin-New York},
      YEAR = {1976},
     PAGES = {iii+274},
   MRCLASS = {12A50 (10K05)},
  MRNUMBER = {0568299},
MRREVIEWER = {G. Frey},
}
	
@ARTICLE{seaweed,
   author = {{Z}ywina, {D}.},
    title = "{An explicit Jacobian of dimension 3 with maximal Galois action}",
  journal={ arXiv:1508.07655v1},
archivePrefix = "arXiv",
   eprint = {1508.07655},
 primaryClass = "math.NT",
 keywords = {Mathematics - Number Theory},
     year = 2015,
    month = aug,
 }

@ARTICLE{greasy,
    AUTHOR = {Greicius, A.},
     TITLE = {Elliptic curves with surjective adelic {G}alois
              representations},
   JOURNAL = {Experiment. Math.},
  FJOURNAL = {Experimental Mathematics},
    VOLUME = {19},
      YEAR = {2010},
    NUMBER = {4},
     PAGES = {495--507},
      ISSN = {1058-6458},
   MRCLASS = {11G05 (11F80)},
  MRNUMBER = {2778661},
MRREVIEWER = {N{\'u}ria Vila},
       DOI = {10.1080/10586458.2010.10390639},
       URL = {http://dx.doi.org/10.1080/10586458.2010.10390639},
}

@article{causalrelationship,
    AUTHOR = {Serre, J.-P.},
     TITLE = {Propri\'et\'es galoisiennes des points d'ordre fini des
              courbes elliptiques},
   JOURNAL = {Invent. Math.},
  FJOURNAL = {Inventiones Mathematicae},
    VOLUME = {15},
      YEAR = {1972},
    NUMBER = {4},
     PAGES = {259--331},
      ISSN = {0020-9910},
   MRCLASS = {14G25 (14K15)},
  MRNUMBER = {0387283},
MRREVIEWER = {J. W. S. Cassels},
}

@ARTICLE{zbz,
  author =       {{D}. {Z}ureick-{B}rown and {D}. {Z}ywina},
  title =        {Abelian varieties with maximal monodromy},
  year = {2016},
  note = {In Preparation}
}

@article {josofabank,
    AUTHOR = {Jones, N.},
     TITLE = {Almost all elliptic curves are {S}erre curves},
   JOURNAL = {Trans. Amer. Math. Soc.},
  FJOURNAL = {Transactions of the American Mathematical Society},
    VOLUME = {362},
      YEAR = {2010},
    NUMBER = {3},
     PAGES = {1547--1570},
      ISSN = {0002-9947},
     CODEN = {TAMTAM},
   MRCLASS = {11G05 (11F80 11R45)},
  MRNUMBER = {2563740},
MRREVIEWER = {Ravi K. Ramakrishna},
       DOI = {10.1090/S0002-9947-09-04804-1},
       URL = {http://dx.doi.org/10.1090/S0002-9947-09-04804-1},
}

@ARTICLE{dooleyfat,
    AUTHOR = {Dieulefait, L. V.},
     TITLE = {Explicit determination of the images of the {G}alois
              representations attached to abelian surfaces with {${\rm
              End}(A)=\Bbb Z$}},
   JOURNAL = {Experiment. Math.},
  FJOURNAL = {Experimental Mathematics},
    VOLUME = {11},
      YEAR = {2002},
    NUMBER = {4},
     PAGES = {503--512 (2003)},
      ISSN = {1058-6458},
   MRCLASS = {11F80 (11G10)},
  MRNUMBER = {1969642},
MRREVIEWER = {Thomas A. Weston},
       URL = {http://projecteuclid.org/euclid.em/1057864660},
}

@book{serelacs,
    AUTHOR = {Serre, J.-P.},
     TITLE = {{\OE}uvres. {C}ollected papers. {IV}},
      NOTE = {{L}ettre \`{a} {M}arie-{F}rance {V}ign\'{e}ras du 10/2/1986},
 PUBLISHER = {Springer-Verlag, Berlin},
      YEAR = {2000},
     PAGES = {viii+657},
      ISBN = {3-540-65683-9},
   MRCLASS = {01A75 (11-03 12-03 14-03 22E50)},
  MRNUMBER = {1730973},
MRREVIEWER = {Alexey A. Panchishkin},
       DOI = {10.1007/978-3-642-41978-2},
       URL = {http://dx.doi.org/10.1007/978-3-642-41978-2},
}

@ARTICLE {discipulus,
    AUTHOR = {Lockhart, P.},
     TITLE = {On the discriminant of a hyperelliptic curve},
   JOURNAL = {Trans. Amer. Math. Soc.},
  FJOURNAL = {Transactions of the American Mathematical Society},
    VOLUME = {342},
      YEAR = {1994},
    NUMBER = {2},
     PAGES = {729--752},
      ISSN = {0002-9947},
     CODEN = {TAMTAM},
   MRCLASS = {11G30 (14H45)},
  MRNUMBER = {1195511},
MRREVIEWER = {David Grant},
       DOI = {10.2307/2154650},
       URL = {http://dx.doi.org/10.2307/2154650},
}

@ARTICLE{bass1967solution,
    AUTHOR = {Bass, H. and Milnor, J. and Serre, J.-P.},
     TITLE = {Solution of the congruence subgroup problem for {${\rm
              SL}_{n}\,(n\geq 3)$} and {${\rm Sp}_{2n}\,(n\geq 2)$}},
   JOURNAL = {Inst. Hautes \'Etudes Sci. Publ. Math.},
  FJOURNAL = {Institut des Hautes \'Etudes Scientifiques. Publications
              Math\'ematiques},
    NUMBER = {33},
      YEAR = {1967},
     PAGES = {59--137},
      ISSN = {0073-8301},
   MRCLASS = {14.50 (20.00)},
  MRNUMBER = {0244257},
MRREVIEWER = {R. Steinberg},
}

@ARTICLE {hollabackgirl,
    AUTHOR = {Hall, C.},
     TITLE = {An open-image theorem for a general class of abelian
              varieties},
      NOTE = {With an appendix by Emmanuel Kowalski},
   JOURNAL = {Bull. Lond. Math. Soc.},
  FJOURNAL = {Bulletin of the London Mathematical Society},
    VOLUME = {43},
      YEAR = {2011},
    NUMBER = {4},
     PAGES = {703--711},
      ISSN = {0024-6093},
   MRCLASS = {11G10 (14K15)},
  MRNUMBER = {2820155},
MRREVIEWER = {Ivica Gusi{\'c}},
       DOI = {10.1112/blms/bdr004},
       URL = {http://dx.doi.org/10.1112/blms/bdr004},
}

@article {scoopdedoo,
    AUTHOR = {Wallace, E.},
     TITLE = {Principally polarized abelian surfaces with surjective
              {G}alois representations on {$l$}-torsion},
   JOURNAL = {J. Lond. Math. Soc. (2)},
  FJOURNAL = {Journal of the London Mathematical Society. Second Series},
    VOLUME = {90},
      YEAR = {2014},
    NUMBER = {2},
     PAGES = {451--471},
      ISSN = {0024-6107},
   MRCLASS = {11G10 (11F80 11N36 14K15)},
  MRNUMBER = {3263960},
MRREVIEWER = {{\'A}lvaro Lozano-Robledo},
       DOI = {10.1112/jlms/jdu033},
       URL = {http://dx.doi.org/10.1112/jlms/jdu033},
}

@BOOK {afraidofheights,
    AUTHOR = {Hindry, M. and Silverman, J. H.},
     TITLE = {Diophantine geometry},
    SERIES = {Graduate Texts in Mathematics},
    VOLUME = {201},
      NOTE = {An introduction},
 PUBLISHER = {Springer-Verlag, New York},
      YEAR = {2000},
     PAGES = {xiv+558},
      ISBN = {0-387-98975-7; 0-387-98981-1},
   MRCLASS = {11Gxx (11-02 11G10 11G30 11G50 14G25)},
  MRNUMBER = {1745599},
MRREVIEWER = {Dino J. Lorenzini},
       DOI = {10.1007/978-1-4612-1210-2},
       URL = {http://dx.doi.org/10.1007/978-1-4612-1210-2},
}

@article {eliotsteinclub,
    AUTHOR = {Steinberg, R.},
     TITLE = {Automorphisms of classical {L}ie algebras},
   JOURNAL = {Pacific J. Math.},
  FJOURNAL = {Pacific Journal of Mathematics},
    VOLUME = {11},
      YEAR = {1961},
     PAGES = {1119--1129},
      ISSN = {0030-8730},
   MRCLASS = {17.30},
  MRNUMBER = {0143845},
MRREVIEWER = {Rimhak Ree},
}

@article {ifyouseekamy,
    AUTHOR = {Kawamura, T.},
     TITLE = {The effective surjectivity of mod {$l$} {G}alois
              representations of 1- and 2-dimensional abelian varieties with
              trivial endomorphism ring},
   JOURNAL = {Comment. Math. Helv.},
  FJOURNAL = {Commentarii Mathematici Helvetici},
    VOLUME = {78},
      YEAR = {2003},
    NUMBER = {3},
     PAGES = {486--493},
      ISSN = {0010-2571},
     CODEN = {COMHAX},
   MRCLASS = {11J95 (11F80 11J89)},
  MRNUMBER = {1998390},
MRREVIEWER = {Luis V. Dieulefait},
       DOI = {10.1007/s00014-003-0768-7},
       URL = {http://dx.doi.org/10.1007/s00014-003-0768-7},
}


@incollection {FalFinite,
    AUTHOR = {Faltings, G.},
     TITLE = {Finiteness theorems for abelian varieties over number fields},
 BOOKTITLE = {Arithmetic geometry ({S}torrs, {C}onn., 1984)},
     PAGES = {9--27},
      NOTE = {Translated from the German original [Invent. Math. {{\bf{7}}3}
              (1983), no. 3, 349--366; ibid. {{\bf{7}}5} (1984), no. 2, 381;
              MR 85g:11026ab] by Edward Shipz},
 PUBLISHER = {Springer, New York},
      YEAR = {1986},
   MRCLASS = {11G10 (14K15)},
  MRNUMBER = {861971},
}

@article {ribbit,
    AUTHOR = {Ribet, K. A.},
     TITLE = {Galois action on division points of {A}belian varieties with
              real multiplications},
   JOURNAL = {Amer. J. Math.},
  FJOURNAL = {American Journal of Mathematics},
    VOLUME = {98},
      YEAR = {1976},
    NUMBER = {3},
     PAGES = {751--804},
      ISSN = {0002-9327},
   MRCLASS = {14K15},
  MRNUMBER = {0457455},
MRREVIEWER = {Jacques Velu},
}

@book {FalRP,
    AUTHOR = {Faltings, G. and W{\"u}stholz, G. and Grunewald, F.
              and Schappacher, Norbert and Stuhler, Ulrich},
     TITLE = {Rational points},
    SERIES = {Aspects of Mathematics, E6},
   EDITION = {Third},
      NOTE = {Papers from the seminar held at the Max-Planck-Institut
              f{\"u}r Mathematik, Bonn/Wuppertal, 1983/1984,
              With an appendix by W{\"u}stholz},
 PUBLISHER = {Friedr. Vieweg \& Sohn, Braunschweig},
      YEAR = {1992},
     PAGES = {x+311},
      ISBN = {3-528-28593-1},
   MRCLASS = {11G35 (11D41 14C17 14G05 14G40)},
  MRNUMBER = {1175627},
MRREVIEWER = {Kenneth A. Ribet},
       DOI = {10.1007/978-3-322-80340-5},
       URL = {http://dx.doi.org/10.1007/978-3-322-80340-5},
}

@incollection {ChaSiegel,
    AUTHOR = {Chai, C.-L.},
     TITLE = {Siegel moduli schemes and their compactifications over {${\bf
              C}$}},
 BOOKTITLE = {Arithmetic geometry ({S}torrs, {C}onn., 1984)},
     PAGES = {231--251},
 PUBLISHER = {Springer, New York},
      YEAR = {1986},
   MRCLASS = {32N15 (11F46 14K10)},
  MRNUMBER = {861978},
}
